=LDR  00000ngm a2200000 i 4500
=006  m\\\\\\\\c\\\\\\\\
=007  cr\cna|||m|||a
=007  vz\czazzu
=008  210803s9999||||xx\|||\|\\\\\ s\\\vlund|d
=024  7\$aHI2020_001_01$2local
=040  \\$aZYU$beng$erda$cZYU$epn
=041  0\$aeng
=245  00$aLatasha N. Nevada Diggs - Disappearing Acts
=264  \1$cJanuary 13, 2018.
=300  \\$3viewing copy.$a1 online resource (1 video file (43 min., 25 sec.)) :$bsound, color.
=336  \\$atwo-dimensional moving image$btdi$2rdacontent
=337  \\$acomputer$bc$2rdamedia
=337  \\$avideo$bv$2rdamedia
=338  \\$aonline resource$bcr$2rdacarrier
=338  \\$aother$bvz$2rdacarrier
=344  \\$adigital$2rdatr
=347  \\$adata file$2rdaft
=490  0\$aThe Shelley & Donald Rubin Foundation at The 8th Floor collection
=500  \\$aPart of the Hemispheric Institute Digital Video Library.
=500  \\$aTitle supplied by the Hemispheric Institute.
=506  \\$aOpen Access.
=508  \\$aLatasha N. Nevada Diggs, vocals. Latasha N. Nevada Diggs and Sunny Jain, musicians.
=511  0\$aLatasha N. Nevada Diggs, performer
=518  \\$aThe 8th Floor, New York, NY, USA
=520  \\$aLatasha N. Nevada Diggs is a writer, vocalist, and sound artist, as well as the author of TwERK (Belladonna, 2013), a collection of poems, songs, and myths. Her work has appeared in many publications, including Rattapallax, Nocturnes, Spoken Word Revolution Redux, Ploughshares, Mandorla, P.M.S., jubilat, Everything But the Burden, ART21 Magazine, Palabra, and Fence. The 8th Floor, founded in 2010 by Shelley and Donald Rubin, is an exhibition and performance space that promotes independent artistic and cultural initiatives. Inspired by The Shelley and Donald Rubin Foundation, the gallery is committed to broadening the access and availability of art to New York audiences. Seeking further cultural exchange, The 8th Floor explores the potential of art as an instrument for social change in the 21st century, through an annual program of innovative contemporary art exhibitions and an events program comprised of performances, salon-style discussions, and those organized by external partners.
=520  \\$aLatasha N. Nevada Diggs performs a series of poems with a drummer, blending the spoken word with song. Diggs employs multiple languages, referencing song lyrics and found texts, all of which are centered around female bodies, specifically how society enables disposability of bodies through aging. This is especially evident in the treatment of Black and brown women. Despite the widespread nature of the ageism and disposability, LaTasha often aproaches the topics in a humorous manner. She also uses electronic effects to manipulate her voice, looping and distorting  while navigating between spoken word and musical improvisation with constant drum accompaniment.
=534  \\$pMedia source original: $a1 digital file
=540  \\$aThere are copyright restrictions on this collection. For more information, go to the online version of this video.
=542  1\$dSara Reisman$e17 W 17th St., 9th Floor, New York, NY 10011, 212-645-3206, sreisman@sdrubinchesorg, www.the8thfloor.org
=546  \\$aIn English.
=650  \0$aAging$xPublic opinion.
=650  \0$aPercussion music.
=650  \0$aWomen in mass media.
=650  \0$aWomen, Black$xSocial aspects.
=653  \\$aBody politics
=655  \7$aPerformance$2local
=710  2\$aHemispheric Institute Digital Video Library.
=856  40$uhttp://hdl.handle.net/2333.1/fxpnw4cz$3Hemispheric Institute Digital Video Library

