=LDR  00000nam a2200000Ii 45e0
=006  m\\\\\\\\c\\\\\\\\
=007  cr\cna|||m|||a
=007  vz\czazzu
=008  210803s9999||||xx\|||\|\\\\\ s\\\vlund|d
=024  7\$aHI2020_002_01$2local
=040  \\$aZYU$beng$erda$cZYU$epn
=041  0\$aeng
=043  \\$a$an-us---
=245  04$aThe School-to-Prison Pipeline (featuring the Yo SOS Theatre Troupe)
=264  \1$c[March 13, 2018]
=300  \\$3viewing copy.$a1 online resource (1 video file (1 hr., 13 min., 17 sec.)) :$bsound, color.
=336  \\$atext$btxt$2rdacontent
=337  \\$acomputer$bc$2rdamedia
=337  \\$avideo$bv$2rdamedia
=338  \\$aonline resource$bcr$2rdacarrier
=338  \\$aother$bvz$2rdacarrier
=344  \\$adigital$2rdatr
=347  \\$adata file$2rdaft
=490  0\$aThe Shelley & Donald Rubin Foundation at The 8th Floor collection
=500  \\$aPart of the Hemispheric Institute Digital Video Library.
=500  \\$aTitle supplied by the Hemispheric Institute.
=506  \\$aOpen Access.
=511  0\$aYo SOS Theatre Troupe, performers.
=518  \\$aThe 8th Floor, New York, NY, USA
=520  \\$aThe School-to-Prison Pipeline is a collaboration between Theatre of the Opressed with Yo SOS Theatre Troup, where a group of students is shocked by the shooting of one of their classmates. The play is centered around the multiple aspects in the school system that fail to protect the rights of young people of color, ultimatetly making school a mechanism for perpetuating the imprisonment of Black and brown youth. This play is inspired by real-life experiences of students in the production who live in the Crown Heights neighborhood of Brooklyn.
=520  \\$aYouth Organizing to Save Our Streets (YO S.O.S.) is the youth branch of Save Our Streets Brooklyn. YO S.O.S. gathers young people who have been exposed to violence and who want to make social change and trains them to become peer educators and community organizers in the movement to end gun violence.The 8th Floor, founded in 2010 by Shelley and Donald Rubin, is an exhibition and performance space that promotes independent artistic and cultural initiatives. Inspired by The Shelley and Donald Rubin Foundation, the gallery is committed to broadening the access and availability of art to New York audiences. Seeking further cultural exchange, The 8th Floor explores the potential of art as an instrument for social change in the 21st century, through an annual program of innovative contemporary art exhibitions and an events program comprised of performances, salon-style discussions, and those organized by external partners.
=534  \\$pMedia source original: $a1 digital file
=540  \\$aThere are copyright restrictions on this collection. For more information, go to the online version of this video.
=542  1\$dSara Reisman$e17 W 17th St., 9th Floor, New York, NY 10011, 212-645-3206, sreisman@sdrubinchesorg, www.the8thfloor.org
=546  \\$aIn English.
=650  \0$aChildren and violence.
=650  \0$aSchool shootings.
=650  \0$aPrison-industrial complex$zUnited States.
=650  \0$aRacism.
=653  \\$aSocial violence
=655  \7$aPerformance$2local
=710  2\$aHemispheric Institute Digital Video Library.
=856  40$uhttp://hdl.handle.net/2333.1/4j0zpkjx$3Hemispheric Institute Digital Video Library

