=LDR  00000nam a2200000Ii 45e0
=006  m\\\\\\\\c\\\\\\\\
=007  cr\cna|||m|||a
=007  vz\czazzu
=008  210803s9999||||xx\|||\|\\\\\ s\\\vlund|d
=024  7\$aHI2020_003_01$2local
=040  \\$aZYU$beng$erda$cZYU$epn
=041  0\$aeng
=245  00$aShaun Leonardo - I Can't Breathe
=264  \1$c[October 7, 2015]
=300  \\$3viewing copy.$a1 online resource (1 video file (1 hr., 25 min., 55 sec.)) :$bsound, color.
=336  \\$atext$btxt$2rdacontent
=337  \\$acomputer$bc$2rdamedia
=337  \\$avideo$bv$2rdamedia
=338  \\$aonline resource$bcr$2rdacarrier
=338  \\$aother$bvz$2rdacarrier
=344  \\$adigital$2rdatr
=347  \\$adata file$2rdaft
=490  0\$aThe Shelley & Donald Rubin Foundation at The 8th Floor collection
=500  \\$aPart of the Hemispheric Institute Digital Video Library.
=500  \\$aTitle supplied by the Hemispheric Institute.
=506  \\$aOpen Access.
=511  0\$aShaun Leonardo, performer.
=518  \\$aThe 8th Floor, New York, NY, USA
=520  \\$aShaun Leonardo is a multidisciplinary artist whose work negotiates societal expectations of manhood, namely definitions surrounding black and brown masculinities, along with notions of achievement, collective identity, and experiences of failure. His performance practice, anchored by his work in Assembly – a diversion program for court-court-involved youth, is participatory in nature and invested in a process of embodiment. Leonardo's work has been featured at The Guggenheim Museum, the High Line, and New Museum, with solo exhibitions at Maryland Institute College of Art (MICA) and Museum of Contemporary Art Cleveland (MoCA). The 8th Floor, founded in 2010 by Shelley and Donald Rubin, is an exhibition and performance space that promotes independent artistic and cultural initiatives. Inspired by The Shelley and Donald Rubin Foundation, the gallery is committed to broadening the access and availability of art to New York audiences. Seeking further cultural exchange, The 8th Floor explores the potential of art as an instrument for social change in the 21st century, through an annual program of innovative contemporary art exhibitions and an events program comprised of performances, salon-style discussions, and those organized by external partners.
=520  \\$aShaun Leonardo offers a public participatory performance focused on self-defense, followed by a conversation with Dr. Isaiah B. Pickens. First, the performers learn self-defense techniques that could serve them against an uneven use of authority. Then, Shaun reads a script based on Nina Simone's ideas on freedom and love, quoting from the 1970's documentary "Nina: An Historical Perspective." Participants subsequently choose an action that matches their perception of the text. This participatory performance reflects on the strong links a community can develop in order to resist oppressive policies, with particular attention paid to the relationship between communities of color and the police.
=534  \\$pMedia source original: $a1 digital file
=540  \\$aThere are copyright restrictions on this collection. For more information, go to the online version of this video.
=542  1\$dSara Reisman$e17 W 17th St., 9th Floor, New York, NY 10011, 212-645-3206, sreisman@sdrubinchesorg, www.the8thfloor.org
=546  \\$aIn English.
=650  \0$aLove.
=650  \0$aCommunity power.
=650  \0$aPolice brutality.
=653  \\$aEmpowerment
=653  \\$aFreedom
=655  \7$aPerformance$2local
=710  2\$aHemispheric Institute Digital Video Library.
=856  40$uhttp://hdl.handle.net/2333.1/mgqnkgns$3Hemispheric Institute Digital Video Library

