=LDR  00000nam a2200000Ii 45e0
=006  m\\\\\\\\c\\\\\\\\
=007  cr\cna|||m|||a
=007  vz\czazzu
=008  210803s9999||||xx\|||\|\\\\\ s\\\vlund|d
=024  7\$aHI2020_004_01$2local
=040  \\$aZYU$beng$erda$cZYU$epn
=041  0\$aeng
=245  00$aRehan Ansari - Unburdened
=264  \1$cNovember 19, 2016.
=300  \\$3viewing copy.$a1 online resource (1 video file (1 hr., 14 min., 55 sec.)) :$bsound, color.
=336  \\$atext$btxt$2rdacontent
=337  \\$acomputer$bc$2rdamedia
=337  \\$avideo$bv$2rdamedia
=338  \\$aonline resource$bcr$2rdacarrier
=338  \\$aother$bvz$2rdacarrier
=344  \\$adigital$2rdatr
=347  \\$adata file$2rdaft
=490  0\$aThe Shelley & Donald Rubin Foundation at The 8th Floor collection
=500  \\$aPart of the Hemispheric Institute Digital Video Library.
=500  \\$aTitle supplied by the Hemispheric Institute.
=506  \\$aOpen Access.
=508  \\$aRehan Ansari, writer.
=511  0\$aRehan Ansari, performer.
=518  \\$aThe 8th Floor, New York, NY, USA
=520  \\$aRehan Ansari is a Brooklyn-based writer, playwright, and artist who also works as a political pollster and measures impact in the field of art and social justice. He recently performed political standup for Martha Wilson’s Activist History Teach-in at The 8th Floor in New York and for Little Injustice at Galéria HIT in Bratslava, Slovakia. In 2016 his play Unburdened had a staged reading at Meet Factory, Prague in 2016 and inspired an installation as part of Enacting Stillness at The 8th Floor in New York. He is the lead in Ayesha, a fiction short about a hate crime, showing in the fall at Anthology Film Archives in the East Village.The 8th Floor, founded in 2010 by Shelley and Donald Rubin, is an exhibition and performance space that promotes independent artistic and cultural initiatives. Inspired by The Shelley and Donald Rubin Foundation, the gallery is committed to broadening the access and availability of art to New York audiences. Seeking further cultural exchange, The 8th Floor explores the potential of art as an instrument for social change in the 21st century, through an annual program of innovative contemporary art exhibitions and an events program comprised of performances, salon-style discussions, and those organized by external partners.
=520  \\$aThis performance is a staged reading of Rehan Ansari's play Unburdened. A Canadian journalist travels to Karachi, Pakistan where he confronts the ongoing Indo-Pakistani conflict. The play takes place just before President Barack Obama's inauguration. The main character, Robin, realizes the impossible task of understanding and communicating what it really means to live inside a war zone. He reflects on our collective tendency to oversimplify the stakes of war, often distilling a conflict down to the binary of good and evil. He explores the "enemy's" point of view as a valid one: "There is a war; we are fighting it, that’s what you say. We are on your side so we are fighting it for the right reasons… Right?! ". The play also interrogates extremism as a sociopolitical construct, delving into the ease and speed with which certain groups embrace ideologies that ultimately lead to military conlficts. Unburdened threads a personal narrative of a couple's intimacy with shameful secrets and a complex past, all while telling of a journey that reveals the multifaceted violence of war.
=534  \\$pMedia source original: $a1 digital file
=540  \\$aThere are copyright restrictions on this collection. For more information, go to the online version of this video.
=542  1\$dSara Reisman$e17 W 17th St., 9th Floor, New York, NY 10011, 212-645-3206, sreisman@sdrubinchesorg, www.the8thfloor.org
=546  \\$aIn English.
=650  \0$aWar.
=650  \0$aPolitics and war.
=650  \0$aPolitical participation.
=655  \7$aStaged reading$2local
=710  2\$aHemispheric Institute Digital Video Library.
=856  40$uhttp://hdl.handle.net/2333.1/1vhhmq0t$3Hemispheric Institute Digital Video Library

