=LDR  00000nam a2200000Ii 45e0
=006  m\\\\\\\\c\\\\\\\\
=007  cr\cna|||m|||a
=007  vz\czazzu
=008  210803s9999||||xx\|||\|\\\\\ s\\\vlund|d
=024  7\$aHI2020_005_01$2local
=040  \\$aZYU$beng$erda$cZYU$epn
=041  0\$aeng
=245  00$aCarlos Martiel - Maze
=264  \1$c[October 19, 2016]
=300  \\$3viewing copy.$a1 online resource (1 video file (14 min., 59 sec.)) :$bsound, color.
=336  \\$atext$btxt$2rdacontent
=337  \\$acomputer$bc$2rdamedia
=337  \\$avideo$bv$2rdamedia
=338  \\$aonline resource$bcr$2rdacarrier
=338  \\$aother$bvz$2rdacarrier
=344  \\$adigital$2rdatr
=347  \\$adata file$2rdaft
=490  0\$aThe Shelley & Donald Rubin Foundation at The 8th Floor collection
=500  \\$aPart of the Hemispheric Institute Digital Video Library.
=500  \\$aTitle supplied by the Hemispheric Institute.
=506  \\$aOpen Access.
=511  0\$aCarlos Martiel, performer.
=518  \\$aThe 8th Floor, New York, NY, USA
=520  \\$aCarlos Martiel (born 1989, Havana). Lives and works in New York and Havana. He graduated in 2009 from the National Academy of Fine Arts “San Alejandro,” in Havana. Between the years 2008-2010, he studied in the Cátedra Arte de Conducta, directed by the artist Tania Bruguera. Martiel’s works have been included in the Biennial of the Americas, USA; 4th Vancouver Biennale, Canada; 14th Sharjah Biennial, UAE; 14th Cuenca Biennial, Ecuador, and many others. His works are in public and private collections such as The Solomon R Guggenheim Museum, New York; The Shelley and Donald Rubin Foundation, New York, Museu de Arte do Rio, Rio de Janeiro; National Museum of Fine Arts, Havana, and the Cisneros Fontanals Art Foundation, Miami.The 8th Floor, founded in 2010 by Shelley and Donald Rubin, is an exhibition and performance space that promotes independent artistic and cultural initiatives. Inspired by The Shelley and Donald Rubin Foundation, the gallery is committed to broadening the access and availability of art to New York audiences. Seeking further cultural exchange, The 8th Floor explores the potential of art as an instrument for social change in the 21st century, through an annual program of innovative contemporary art exhibitions and an events program comprised of performances, salon-style discussions, and those organized by external partners.
=520  \\$aIn Maze, Cuban-born Carlos Martiel stands still, nude, in the middle of a big swastika painted on the floor. As the performances progresses, a set of walls in the shape of the same symbol are assembled around him by two White men, both from the United States. Standing atop the symbol for White supremacy and Nazism, Martiel suggests that those ideologies are foundational to the structures built around, under, and atop him. With his nude Black body at the center, Martiel depicts the corporeal, lived realities of Black people diasporically and globally, all subjected to the oppressions of constructions and ideologies with White supremacy at their core. At the end of the performance, the White men have finished the maze and have exited the performance space, leaving Martiel within the construct he had no hand in making.
=534  \\$pMedia source original: $a1 digital file
=540  \\$aThere are copyright restrictions on this collection. For more information, go to the online version of this video.
=542  1\$dSara Reisman$e17 W 17th St., 9th Floor, New York, NY 10011, 212-645-3206, sreisman@sdrubinchesorg, www.the8thfloor.org
=546  \\$aIn English.
=650  \0$aRacism.
=650  \0$aBlacks$xRace identity
=653  \\$aEmbodiment.
=653  \\$aOppression
=653  \\$aWhite supremacy
=655  \7$aPerformance$2local
=710  2\$aHemispheric Institute Digital Video Library.
=856  40$uhttp://hdl.handle.net/2333.1/msbcc8vb$3Hemispheric Institute Digital Video Library

