=LDR  00000nam a2200000Ii 45e0
=006  m\\\\\\\\c\\\\\\\\
=007  cr\cna|||m|||a
=007  vz\czazzu
=008  210803s9999||||xx\|||\|\\\\\ s\\\vlund|d
=024  7\$aHI2020_006_01$2local
=040  \\$aZYU$beng$erda$cZYU$epn
=041  0\$aeng|spa
=245  00$aGuadalupe Maravilla - Prophets, Thieves, and Lovers...
=264  \1$c[December 15, 2017]
=300  \\$3viewing copy.$a1 online resource (1 video file (23 min., 40 sec.)) :$bsound, color.
=336  \\$atext$btxt$2rdacontent
=337  \\$acomputer$bc$2rdamedia
=337  \\$avideo$bv$2rdamedia
=338  \\$aonline resource$bcr$2rdacarrier
=338  \\$aother$bvz$2rdacarrier
=344  \\$adigital$2rdatr
=347  \\$adata file$2rdaft
=490  0\$aThe Shelley & Donald Rubin Foundation at The 8th Floor collection
=500  \\$aPart of the Hemispheric Institute Digital Video Library.
=500  \\$aTitle supplied by the Hemispheric Institute.
=506  \\$aOpen Access.
=511  0\$aGuadalupe Maravilla, performer.
=518  \\$aThe 8th Floor, New York, NY, USA
=520  \\$aGuadalupe Maravilla performs a ritual reminiscent of traditional Salvadorian and Latin American love songs. Dressed partly as a white tiger, he performs folk songs that deal with heart-break, juxtaposing themes of loss and longing with stories of migration and the myriad struggles related to forced displacement. Accompanied by a vampire Mariachi singer who only seeks American blood, Maravilla resignifies the meaning of each of these love songs. Instead of referencing a romantic partner, Guadalupe focuses on those killed or disappeared while crossing and those left on either side of the U.S. border.
=520  \\$aIn 1984, at eight years old, Guadalupe Maravilla immigrated alone to the United States from El Salvador in order to escape the Salvadoran Civil War. As an artist, Maravilla creates fictionalized performances, videos, sculptures and drawings that incorporate his pre-colonial Central American ancestry, personal mythology, and autobiography. Through his multidisciplinary studio practice, Maravilla traces the history of his displacement, interrogates the parallels between pre-Columbian cultures and our border politics. He has performed and presented his work extensively in venues such as the Whitney Museum of American Art, Metropolitan Museum of Art, ICA Miami, Queens Museum, Bronx Museum, El Museo Del Barrio, MARTE (El Salvador), and more.The 8th Floor, founded in 2010 by Shelley and Donald Rubin, is an exhibition and performance space that promotes independent artistic and cultural initiatives. Inspired by The Shelley and Donald Rubin Foundation, the gallery is committed to broadening the access and availability of art to New York audiences. Seeking further cultural exchange, The 8th Floor explores the potential of art as an instrument for social change in the 21st century, through an annual program of innovative contemporary art exhibitions and an events program comprised of performances, salon-style discussions, and those organized by external partners.
=534  \\$pMedia source original: $a1 digital file
=540  \\$aThere are copyright restrictions on this collection. For more information, go to the online version of this video.
=542  1\$dSara Reisman$e17 W 17th St., 9th Floor, New York, NY 10011, 212-645-3206, sreisman@sdrubinchesorg, www.the8thfloor.org
=546  \\$aIn English, Spanish.
=650  \0$aRitual.
=650  \0$aBorder crossing.
=650  \0$aEmigration and immigration$xPolitical aspects.
=653  \\$aLatin American folklore
=653  \\$aUnited States-Mexico border issues
=655  \7$aPerformance$2local
=710  2\$aHemispheric Institute Digital Video Library.
=856  40$uhttp://hdl.handle.net/2333.1/7m0cg4z0$3Hemispheric Institute Digital Video Library

