=LDR  00000nam a2200000Ii 45e0
=006  m\\\\\\\\c\\\\\\\\
=007  cr\cna|||m|||a
=007  vz\czazzu
=008  210803s9999||||xx\|||\|\\\\\ s\\\vlund|d
=024  7\$aHI2020_007_01$2local
=040  \\$aZYU$beng$erda$cZYU$epn
=041  0\$aeng
=245  00$aKalup Linzy - A Lullaby A Job and An Ass To Hope For
=264  \1$cMay 4, 2017.
=300  \\$3viewing copy.$a1 online resource (1 video file (36 min., 53 sec.)) :$bsound, color.
=336  \\$atext$btxt$2rdacontent
=337  \\$acomputer$bc$2rdamedia
=337  \\$avideo$bv$2rdamedia
=338  \\$aonline resource$bcr$2rdacarrier
=338  \\$aother$bvz$2rdacarrier
=344  \\$adigital$2rdatr
=347  \\$adata file$2rdaft
=490  0\$aThe Shelley & Donald Rubin Foundation at The 8th Floor collection
=500  \\$aPart of the Hemispheric Institute Digital Video Library.
=500  \\$aTitle supplied by the Hemispheric Institute.
=506  \\$aOpen Access.
=508  \\$aKalup Linzy, writer.
=511  0\$aKalup Linzy, performer.
=518  \\$aThe 8th Floor, New York, NY, USA
=520  \\$aKalup Linzy delivers a comical musical performance that employs the melodrama and mythology of soap operas, R&B, and music videos. Through his singing, and accompanied by pop ballad arrangements, he embodies a drag persona and explores different accents and dialects by manipulating pre-recorded voices. The performance features satirical, often absurd, and provocative lyrics centered around traditional constructs of gender and love, particularly amongst LGBTQ people. Sometimes pushing the exaggeration or absurdity of LGBTQ stereotypes, Linzy seeks to reinterpret and ultimately empower those so often questioned regarding their gender and/or sexuality.
=520  \\$aKalup Linzy is a video and performance artist based in Brooklyn, New York. Born in Stuckey, Florida. Linzy received his MFA from the University of South Florida. He also attended the Skowhegan School of Painting and Sculpture. Linzy has been the recipient of numerous awards including a grant from the Louis Comfort Tiffany Foundation, the John Simon Guggenheim Memorial Foundation fellowship, Creative Capital Foundation grant, a Jerome Foundation Fellowship, an Art Matters Grant, The Headlands Center for the Arts Alumni Awards Residency, and most recently a New York Foundation for the Arts Fellowship in Film and Video. Linzy is currently on the faculty at the School of Visual Arts.The 8th Floor, founded in 2010 by Shelley and Donald Rubin, is an exhibition and performance space that promotes independent artistic and cultural initiatives. Inspired by The Shelley and Donald Rubin Foundation, the gallery is committed to broadening the access and availability of art to New York audiences. Seeking further cultural exchange, The 8th Floor explores the potential of art as an instrument for social change in the 21st century, through an annual program of innovative contemporary art exhibitions and an events program comprised of performances, salon-style discussions, and those organized by external partners.
=534  \\$pMedia source original: $a1 digital file
=540  \\$aThere are copyright restrictions on this collection. For more information, go to the online version of this video.
=542  1\$dSara Reisman$e17 W 17th St., 9th Floor, New York, NY 10011, 212-645-3206, sreisman@sdrubinchesorg, www.the8thfloor.org
=546  \\$aIn English.
=650  \0$aStereotypes (Social psychology)
=650  \0$aParody in art.
=653  \\$aQueer/Gay/Lesbian
=653  \\$aGender and sexuality
=655  \7$aPerformance$2local
=710  2\$aHemispheric Institute Digital Video Library.
=856  40$uhttp://hdl.handle.net/2333.1/9kd51kgg$3Hemispheric Institute Digital Video Library

