=LDR  00000nam a2200000Ii 45e0
=006  m\\\\\\\\c\\\\\\\\
=007  cr\cna|||m|||a
=007  vz\czazzu
=008  210803s9999||||xx\|||\|\\\\\ s\\\vlund|d
=024  7\$aHI2020_008_01$2local
=040  \\$aZYU$beng$erda$cZYU$epn
=041  0\$aeng
=245  00$aMartha Wilson - Activist History Teach-In
=264  \1$c[April 26, 2017]
=300  \\$3viewing copy.$a1 online resource (1 video file (3 hr., 03 min., 55 sec.)) :$bsound, color.
=336  \\$atext$btxt$2rdacontent
=337  \\$acomputer$bc$2rdamedia
=337  \\$avideo$bv$2rdamedia
=338  \\$aonline resource$bcr$2rdacarrier
=338  \\$aother$bvz$2rdacarrier
=344  \\$adigital$2rdatr
=347  \\$adata file$2rdaft
=490  0\$aThe Shelley & Donald Rubin Foundation at The 8th Floor collection
=500  \\$aPart of the Hemispheric Institute Digital Video Library.
=500  \\$aTitle supplied by the Hemispheric Institute.
=506  \\$aOpen Access.
=508  \\$aMartha Wilson, producer.
=511  0\$aMartha Wilson, Ann Agee, Rehan Ansari, Tomie Arai and Betty Yu (Chinatown Art Brigade), Todd Ayoung (REPOhistory), Avram Finkelstein (ACT UP and Gran Fury), Alicia Grullón (Percent for Green), Amin Husain and Nitasha Dhillon (MTL), Rasu Jilani, Taja Lindley (Harriet's Apothecary), Katharine Perko, Gregory Sholette (Gulf Labor Artists Coalition), Lise Soskolne (W.A.G.E.), and Barbara Zucker (A.I.R. Gallery), participants.
=518  \\$aThe 8th Floor, New York, NY, USA
=520  \\$aMartha Wilson (born 1947) is a pioneering feminist artist and gallery director, who over the past four decades created innovative photographic and video works that explore her female subjectivity through role-playing, costume transformations, and “invasions” of other people’s personae. She began making these videos and photo/text works in the early 1970s while in Halifax, Nova Scotia, and further developed her performative and video-based practice after moving in 1974 to New York City, embarking on a long career that would see her gain attention across the U.S. for her provocative appearances and works. In 1976, she founded and continues to direct Franklin Furnace, an artist-run space that champions the exploration, promotion and preservation of artists’ books, installation art, video, online and performance art, further challenging institutional norms, the roles artists play within society, and expectations about what constitutes acceptable art mediums.The 8th Floor, founded in 2010 by Shelley and Donald Rubin, is an exhibition and performance space that promotes independent artistic and cultural initiatives. Inspired by The Shelley and Donald Rubin Foundation, the gallery is committed to broadening the access and availability of art to New York audiences. Seeking further cultural exchange, The 8th Floor explores the potential of art as an instrument for social change in the 21st century, through an annual program of innovative contemporary art exhibitions and an events program comprised of performances, salon-style discussions, and those organized by external partners.
=520  \\$aMartha Wilson summons fifteen activist-artists to share their insights and approaches to their practices. They discuss a wide variety of topic such as content and medium in the digial age, community making in the face of gentrification, and women in the arts and their relationships to public funding, among other subjetcs. Finally, Wilson performs a satirical monologue as Donald Trump Jr. She concludes that, at last, this precidency has made performance and politics "one and the same.
=534  \\$pMedia source original: $a2 digital file
=540  \\$aThere are copyright restrictions on this collection. For more information, go to the online version of this video.
=542  1\$dSara Reisman$e17 W 17th St., 9th Floor, New York, NY 10011, 212-645-3206, sreisman@sdrubinchesorg, www.the8thfloor.org
=546  \\$aIn English.
=650  \0$aArtists$xPolitical activity.
=650  \0$aArt and society.
=650  \0$aArt and state.
=653  \\$aPerformance and politics
=653  \\$aPolitical activism
=655  \7$aPresentation.$2local
=710  2\$aHemispheric Institute Digital Video Library.
=856  40$uhttp://hdl.handle.net/2333.1/mgqnkhp7$3Hemispheric Institute Digital Video Library

