=LDR  00000nam a2200000Ii 45e0
=006  m\\\\\\\\c\\\\\\\\
=007  cr\cna|||m|||a
=007  vz\czazzu
=008  210803s9999||||xx\|||\|\\\\\ s\\\vlund|d
=024  7\$aHI2020_009_01$2local
=040  \\$aZYU$beng$erda$cZYU$epn
=041  0\$aeng
=245  00$aMARLON RIGGS & “No Regret”: DISCLOSURE, PERFORMATIVITY & LEGACY
=246  3\$aA performance/presentation by Ni'Ja Whitson, an excerpted screening of Marlon Riggs’ Non, Je Ne Regrette Rien, a performance by Kiyan Williams, and a conversation moderated by Tavia Nyong’o
=264  \1$cJuly 11, 2017.
=300  \\$3viewing copy.$a1 online resource (1 video file (1 hr., 50 min., 15 sec.)) :$bsound, color.
=336  \\$atext$btxt$2rdacontent
=337  \\$acomputer$bc$2rdamedia
=337  \\$avideo$bv$2rdamedia
=338  \\$aonline resource$bcr$2rdacarrier
=338  \\$aother$bvz$2rdacarrier
=344  \\$adigital$2rdatr
=347  \\$adata file$2rdaft
=490  0\$aThe Shelley & Donald Rubin Foundation at The 8th Floor collection
=500  \\$aPart of the Hemispheric Institute Digital Video Library.
=500  \\$aTitle supplied by the Hemispheric Institute.
=506  \\$aOpen Access.
=508  \\$aMarlon Riggs, filmmaker.
=511  0\$aNi’Ja Whitson, Kiyan Williams, performers. Tavia Nyong’o, discussant.
=518  \\$aThe 8th Floor, New York, NY, USA
=520  \\$aNi’Ja Whitson (MFA) is a Los Angeles and New York based award-winning interdisciplinary artist, performer, and writer who engages a nexus of postmodern and African Diasporic performance practices, intersecting gender, sexuality, race, and spirit, receiving recognitions across disciplines. Recent awards include residencies and fellowships with Hedgebrook, LMCC Process Space, Brooklyn Arts Exchange, and the Bogliasco Study Center in Italy. They are currently an Assistant Professor at UC Riverside and the founder/artistic director of The NWA Project.Kiyan Williams is a multidisciplinary artist and writer whose work explores Black queer identity. They create performances, texts, objects, images, sounds, and installations informed by autoethnography, archival research, and social practice. Williams’ performance is based on their ongoing research in Marlon Riggs' archives at Stanford University. You can learn more about their work at kiyanwilliams.com.Tavia Nyong’o is Professor of African American Studies, American Studies, and Theater Studies at Yale University. His research and teaching interests include black queer studies, and the legacy of pioneering black queer artists and activists such as Assotto Saint, Essex Hemphill, and Marlon Riggs. His first book The Amalgamation Waltz: Race, Performance, and the Ruses of Memory (Minnesota, 2009) won the Errol Hill Award for best book in African American theatre and performance studies. The 8th Floor, founded in 2010 by Shelley and Donald Rubin, is an exhibition and performance space that promotes independent artistic and cultural initiatives. Inspired by The Shelley and Donald Rubin Foundation, the gallery is committed to broadening the access and availability of art to New York audiences. Seeking further cultural exchange, The 8th Floor explores the potential of art as an instrument for social change in the 21st century, through an annual program of innovative contemporary art exhibitions and an events program comprised of performances, salon-style discussions, and those organized by external partners.
=520  \\$aNi’Ja Whitson, Kiyan Williams and Tavia Nyong’o gather to discuss and respond to the film "Non, Je Ne Regrette Rien (No Regret)". The cinematic work, directed by Marlon Riggs, is a landmark piece of the LGBTQ community in portraying the community's complex relationship with HIV/AIDS. Kiyan Williams performed "Reflections in BlaQ" using Black queer and trans archival materials, primarily writings and films, as a method of dialogue between Riggs' work, the future of LGTB and Black rights activism, and the value of the archive as a political tool for change. Ni'Ja Whitson exhibited excerpts of  "A Meditation on Tongues," an adaptation of Riggs' film "Tongues Untied," performed in a live interdisciplinary setting (excerpts performed by The NWA Project - Ni'Ja Whitson and Kirsten Flores-Davis). After this homage to Riggs' work and the 25th anniversary of "Non, Je Ne Regrette Rien (No Regret)" release, Williams and Whitson hold a conversation moderated by Tavia Nyong'o, touching on topics such as the whitewashing of the HIV/AIDS narrative, gender, and the role of performance in fighting the omission of people of color's stories in the narrative of the HIV/AIDS epidemic.
=534  \\$pMedia source original: $a1 digital file
=540  \\$aThere are copyright restrictions on this collection. For more information, go to the online version of this video.
=542  1\$dSara Reisman$e17 W 17th St., 9th Floor, New York, NY 10011, 212-645-3206, sreisman@sdrubinchesorg, www.the8thfloor.org
=546  \\$aIn English.
=650  \0$aArt archives$xPolitical aspects.
=650  \0$aMarginality, Social.
=650  \0$aAIDS (Disease)
=650  \0$aSexual health.
=653  \\$aQueer/Gay/Lesbian
=655  \7$aPerformance$2local
=655  \7$adiscussions (events)$2aat
=710  2\$aHemispheric Institute Digital Video Library.
=856  40$uhttp://hdl.handle.net/2333.1/8931zm3m$3Hemispheric Institute Digital Video Library

