=LDR  00000nam a2200000Ii 45e0
=006  m\\\\\\\\c\\\\\\\\
=007  cr\cna|||m|||a
=007  vz\czazzu
=008  210803s9999||||xx\|||\|\\\\\ s\\\vlund|d
=024  7\$aHI2020_113_01$2local
=040  \\$aZYU$beng$erda$cZYU$epn
=041  0\$aeng
=043  \\$a$an-us---
=245  04$aThe Rule is Love #4 (with gaze and no object)
=264  \1$cJuly 19, 2018.
=300  \\$3viewing copy.$a1 online resource (1 video file (6 min., 21 sec.)) :$bsound, color.
=336  \\$atext$btxt$2rdacontent
=337  \\$acomputer$bc$2rdamedia
=337  \\$avideo$bv$2rdamedia
=338  \\$aonline resource$bcr$2rdacarrier
=338  \\$aother$bvz$2rdacarrier
=344  \\$adigital$2rdatr
=347  \\$adata file$2rdaft
=490  0\$aAlicia Grullón collection
=500  \\$aPart of the Hemispheric Institute Digital Video Library.
=500  \\$aTitle supplied by the Hemispheric Institute.
=506  \\$aOpen Access.
=511  0\$aPerformers: Alicia Grullón, Benjamin Lundberg Torres Sánchez, Clarinda Mac Low.
=518  \\$aThe Brooklyn Museum, Brooklyn, NY, USA
=520  \\$aAlicia Grullón moves between performance, video, and photography. She directs her interdisciplinary approach towards critiques of the politics of presence, arguing for the inclusion of disenfranchised communities in political and social spheres. Grullón's works have been shown in numerous group exhibitions including Franklin Furnace Archives, The Bronx Museum of the Arts, BRIC Arts | Media House, School of Visual Arts, El Museo del Barrio, Columbia University's Wallach Art Gallery, and Performa 11. She has received grants from several institutions including the Puffin Foundation, Bronx Council on the Arts, and the Department of Cultural Affairs of the City of New York. Review's and essays regarding Alicia's work can be found in the New York Times, Village Voice, Hyperallergic, Creative Time Reports, Art Fag City, and ArtNet News. Grullón has participated in residencies in the United States, South Korea, and Germany, and has presented workshops as part of the 2017 Whitney Biennial with Occupy Museums, Creative Time Summit '15, and The Royal College of Art, among others.
=520  \\$aThe Rule is Love #4 (with the gaze and no object), 2018 was a part of "Radical Women: Latin America" at The Brooklyn Museum. Unable to see or speak, Alicia Grullón was bound by rope while two performers wearing bear masks pulled her down to the floor. The performer's one rule was to keep getting up. The audience’s rule was to dance with her in order to prevent the bears from pulling her down. Layered into the performance were aspects of the historical formation of the gaze within museums where people of color were treated like carnival side shows on display. The impact of the gaze begins here.
=534  \\$pMedia source original: $a1 digital file
=540  \\$aThere are copyright restrictions on this collection. For more information, go to the online version of this video.
=542  1\$dAlicia Grullón$eAlicia Grullón, becomingmyth@gmail.com, http://www.aliciagrullon.com
=546  \\$aIn English.
=650  \0$aMuseums.
=650  \0$aArts$xPolitical aspects$zUnited States$xHistory$y20th century$vExhibitions.
=650  \0$aMarginality, Social.
=653  \\$aBody––Objectification
=653  \\$aPublic spaces––Intervention––Politics
=655  \7$aDurational performance.$2local
=710  2\$aHemispheric Institute Digital Video Library.
=856  40$uhttp://hdl.handle.net/2333.1/7d7wm9kf$3Hemispheric Institute Digital Video Library

