=LDR  00000nam a2200000Ii 45e0
=006  m\\\\\\\\c\\\\\\\\
=007  cr\cna|||m|||a
=007  vz\czazzu
=008  210803s9999||||xx\|||\|\\\\\ s\\\vlund|d
=024  7\$aHI2020_114_01$2local
=040  \\$aZYU$beng$erda$cZYU$epn
=041  0\$aeng
=245  00$aFilibuster #1 (Wendy Davis)
=264  \1$c2016.
=300  \\$3viewing copy.$a1 online resource (1 video file (9 hr., 51 min., 45 sec.)) :$bsound, color.
=336  \\$atext$btxt$2rdacontent
=337  \\$acomputer$bc$2rdamedia
=337  \\$avideo$bv$2rdamedia
=338  \\$aonline resource$bcr$2rdacarrier
=338  \\$aother$bvz$2rdacarrier
=344  \\$adigital$2rdatr
=347  \\$adata file$2rdaft
=490  0\$aAlicia Grullón collection
=500  \\$aPart of the Hemispheric Institute Digital Video Library.
=500  \\$aTitle supplied by the Hemispheric Institute.
=506  \\$aOpen Access.
=511  0\$aCreator and performer: Alicia Grullón
=518  \\$aBRIC Arts and Media, Brooklyn, NY, USA
=520  \\$aAlicia Grullón moves between performance, video, and photography. She directs her interdisciplinary approach towards critiques of the politics of presence, arguing for the inclusion of disenfranchised communities in political and social spheres. Grullón's works have been shown in numerous group exhibitions including Franklin Furnace Archives, The Bronx Museum of the Arts, BRIC Arts | Media House, School of Visual Arts, El Museo del Barrio, Columbia University's Wallach Art Gallery, and Performa 11. She has received grants from several institutions including the Puffin Foundation, Bronx Council on the Arts, and the Department of Cultural Affairs of the City of New York. Review's and essays regarding Alicia's work can be found in the New York Times, Village Voice, Hyperallergic, Creative Time Reports, Art Fag City, and ArtNet News. Grullón has participated in residencies in the United States, South Korea, and Germany, and has presented workshops as part of the 2017 Whitney Biennial with Occupy Museums, Creative Time Summit '15, and The Royal College of Art, among others.
=520  \\$aArtist Alicia Grullón presented Filibuster #1 (Wendy Davis) (2016) as part of the Whisper or Shout: Artists in the Social Sphere exhibition. Filibuster was a complete reenactment of the 11-hour filibuster by Texas State Senator Wendy Davis against a restrictive abortion bill. With this performance, Grullón reflected on the platforms provided to the empowered while also referring to a key women’s rights issue. By inserting herself into the Senator’s role, the reenactment also became the retelling of a historic moment from a woman of color's point of view, and thusly charged with new cultural, social, and political import. As an integral part of her artistic practice, Grullón creates social interventions and performative re-enactments that assert the lived experiences of people left out of, or in this case central, to history.
=534  \\$pMedia source original: $a1 digital file
=540  \\$aThere are copyright restrictions on this collection. For more information, go to the online version of this video.
=542  1\$dAlicia Grullón$eAlicia Grullón, becomingmyth@gmail.com, http://www.aliciagrullon.com
=546  \\$aIn English.
=650  \0$aPolitical participation.
=650  \0$aAbortion.
=650  \0$aWomen's rights.
=650  \0$aMarginality, Social.
=653  \\$aWomen -- Empowerment
=655  \7$aDurational performance.$2local
=710  2\$aHemispheric Institute Digital Video Library.
=856  40$uhttp://hdl.handle.net/2333.1/4j0zpjjq$3Hemispheric Institute Digital Video Library

