=LDR  00000nam a2200000Ii 45e0
=006  m\\\\\\\\c\\\\\\\\
=007  cr\cna|||m|||a
=007  vz\czazzu
=008  210803s9999||||xx\|||\|\\\\\ s\\\vlund|d
=024  7\$aHI2020_116_01$2local
=040  \\$aZYU$beng$erda$cZYU$epn
=041  0\$aeng
=245  00$aFrom Market To...
=264  \1$cAugust 2018.
=300  \\$3viewing copy.$a1 online resource (1 video file (11 min., 37 sec.)) :$bsound, color.
=336  \\$atext$btxt$2rdacontent
=337  \\$acomputer$bc$2rdamedia
=337  \\$avideo$bv$2rdamedia
=338  \\$aonline resource$bcr$2rdacarrier
=338  \\$aother$bvz$2rdacarrier
=344  \\$adigital$2rdatr
=347  \\$adata file$2rdaft
=490  0\$aAlicia Grullón collection
=500  \\$aPart of the Hemispheric Institute Digital Video Library.
=500  \\$aTitle supplied by the Hemispheric Institute.
=506  \\$aOpen Access.
=508  \\$aVideographer: Victor Bautista. Producers: Artists Art Alliance.
=511  0\$aPerformer: Alicia Grullón. Collaborator: Antonia Pérez.
=518  \\$aCuchifritos Gallery, New York, NY, USA
=520  \\$aAlicia Grullón moves between performance, video, and photography. She directs her interdisciplinary approach towards critiques of the politics of presence, arguing for the inclusion of disenfranchised communities in political and social spheres. Grullón's works have been shown in numerous group exhibitions including Franklin Furnace Archives, The Bronx Museum of the Arts, BRIC Arts | Media House, School of Visual Arts, El Museo del Barrio, Columbia University's Wallach Art Gallery, and Performa 11. She has received grants from several institutions including the Puffin Foundation, Bronx Council on the Arts, and the Department of Cultural Affairs of the City of New York. Review's and essays regarding Alicia's work can be found in the New York Times, Village Voice, Hyperallergic, Creative Time Reports, Art Fag City, and ArtNet News. Grullón has participated in residencies in the United States, South Korea, and Germany, and has presented workshops as part of the 2017 Whitney Biennial with Occupy Museums, Creative Time Summit '15, and The Royal College of Art, among others.
=520  \\$aIn From Market To... (2018), artist Alicia Grullón reads from a document for a period of 8 hourse while collaborator Antonia Pérez crochets a garment around Grullón until she is no longer visible. The document is comprised of various articles Grullón had compiled on the history of the Lower East Side neighborhood of Manhattan, where the gallery/Essex Market is located. From Wikipedia articles to real estate listings, the collaged document details the neighborhood's histories from the Lenape tribe, the original inhabitants of Manahatta or Turtle Island, to the Wall Street slave auction, to Essex Crossings apartment listings. She also details the histories of working class and poor Irish/Italian/Jewish immigrants to the first wave of gentrification in the 1950s, to La Casita and community gardens, and the present landscape of the area. In preparation for the piece, Grullón studied the patrons of Essex Market and assumed the clothing style of older, mostly Latinx women, choosing to don a typical laundry cart with her during the performance, carrying produce such as plátanos and maduros. From Market To...  was part of Cuchifritos Gallery's exhibition "Whose Language Does the Produce Speak?" which activated the gallery's location within the Essex Market.
=534  \\$pMedia source original: $a1 digital file
=540  \\$aThere are copyright restrictions on this collection. For more information, go to the online version of this video.
=542  1\$dAlicia Grullón$eAlicia Grullón, becomingmyth@gmail.com, http://www.aliciagrullon.com
=546  \\$aIn English.
=650  \0$aCollective memory.
=653  \\$aRevisionist history
=653  \\$aNew York City history and culture
=653  \\$aEmbodiment.
=655  \7$aDurational performance.$2local
=710  2\$aHemispheric Institute Digital Video Library.
=856  40$uhttp://hdl.handle.net/2333.1/hqbzkpck$3Hemispheric Institute Digital Video Library

