=LDR  00000nam a2200000Ii 45e0
=006  m\\\\\\\\c\\\\\\\\
=007  cr\cna|||m|||a
=007  vz\czazzu
=008  210803s9999||||xx\|||\|\\\\\ s\\\vlund|d
=024  7\$aHI2020_117_01$2local
=040  \\$aZYU$beng$erda$cZYU$epn
=041  0\$aeng
=245  04$aThe Residential is Political
=264  \1$c[September 28, 2019]
=300  \\$3viewing copy.
=300  \\$bsound, color.
=336  \\$atext$btxt$2rdacontent
=337  \\$acomputer$bc$2rdamedia
=337  \\$avideo$bv$2rdamedia
=338  \\$aonline resource$bcr$2rdacarrier
=338  \\$aother$bvz$2rdacarrier
=344  \\$adigital$2rdatr
=347  \\$adata file$2rdaft
=490  0\$aAlicia Grullón collection
=500  \\$aPart of the Hemispheric Institute Digital Video Library.
=500  \\$aTitle supplied by the Hemispheric Institute.
=506  \\$aOpen Access.
=508  \\$aVideographers: Victor Bautista, Amanda Sommer Lotspike, Luis Rincón Alba.
=511  0\$aPerformer: Alicia Grullón
=518  \\$aThe High Line, New York, NY, USA
=520  \\$aAlicia Grullón moves between performance, video, and photography. She directs her interdisciplinary approach towards critiques of the politics of presence, arguing for the inclusion of disenfranchised communities in political and social spheres. Grullón's works have been shown in numerous group exhibitions including Franklin Furnace Archives, The Bronx Museum of the Arts, BRIC Arts | Media House, School of Visual Arts, El Museo del Barrio, Columbia University's Wallach Art Gallery, and Performa 11. She has received grants from several institutions including the Puffin Foundation, Bronx Council on the Arts, and the Department of Cultural Affairs of the City of New York. Review's and essays regarding Alicia's work can be found in the New York Times, Village Voice, Hyperallergic, Creative Time Reports, Art Fag City, and ArtNet News. Grullón has participated in residencies in the United States, South Korea, and Germany, and has presented workshops as part of the 2017 Whitney Biennial with Occupy Museums, Creative Time Summit '15, and The Royal College of Art, among others.
=520  \\$aAs a native New Yorker, artist Alicia Grullón has seen New York City change, shift, and gentrify. In the midst of these changes, Grullón has also witnessed people organize, resist, and create. Her work as an artist presses into these issues of space, presence, and acts of resistance. By coming into Chelsea, Grullon talked to long-time residents of the neighborhood who have experienced all of its changes. Working with the Hudson Guild and senior programs at Penn South, she met with a group of residents, all within a three block radius. In this performance footage, Grullón takes on the personas of various Chelsea inhabitants with whom she spoke as a way of marking their continued presence in the neighborhood and the importance of their histories as part of Chelsea's, and New York's, collective memory.
=534  \\$pMedia source original: $a1 digital file
=540  \\$aThere are copyright restrictions on this collection. For more information, go to the online version of this video.
=542  1\$dAlicia Grullón$eAlicia Grullón, becomingmyth@gmail.com, http://www.aliciagrullon.com
=546  \\$aIn English.
=650  \0$aCollective memory.
=650  \0$aMarginality, Social.
=653  \\$aNew York City history and culture
=653  \\$aRevisionist history
=655  \7$aPerformance$2local
=710  2\$aHemispheric Institute Digital Video Library.
=856  40$uhttp://hdl.handle.net/2333.1/s7h44qd9$3Hemispheric Institute Digital Video Library

