=LDR  00000nam a2200000Ii 45e0
=006  m\\\\\\\\c\\\\\\\\
=007  cr\cna|||m|||a
=007  vz\czazzu
=008  210803s9999||||xx\|||\|\\\\\ s\\\vlund|d
=024  7\$aHI2020_213_01$2local
=040  \\$aZYU$beng$erda$cZYU$epn
=041  0\$aspa|eng
=245  04$aThe Early Days of the Nuyorican Poets Cafe: Part I
=264  \1$cFebruary 7, 1976.
=300  \\$3viewing copy.$a1 online resource (1 video file (18 min., 32 sec.)) :$bsound, color.
=336  \\$atext$btxt$2rdacontent
=337  \\$acomputer$bc$2rdamedia
=337  \\$avideo$bv$2rdamedia
=338  \\$aonline resource$bcr$2rdacarrier
=338  \\$aother$bvz$2rdacarrier
=344  \\$adigital$2rdatr
=347  \\$adata file$2rdaft
=490  0\$aThe Nuyorican Poets Cafe Founders Archive Project collection
=500  \\$aPart of the Hemispheric Institute Digital Video Library.
=500  \\$aTitle supplied by the Hemispheric Institute.
=506  \\$aOpen Access.
=508  \\$aVideographer: Stuart Reid
=518  \\$aNuyorican Poets Cafe, New York, NY, USA
=520  \\$aThe Nuyorican Poets Cafe Founders Archive Project is an effort of several Cafe founders to preserve the immense history of the famed cafe and to cement its importance as a foundational scene of poetry and artistic creation in New York's Lower East Side or Loisaida. Founded in 1973, the Nuyorican Poets Cafe began as a living room salon in the East Village apartment of writer and poet Miguel Algarín, along with other playwrights, poets, and musicians of color whose work was not accepted by the mainstream academic, entertainment or publishing industries. As time passed, the signature style of performance poetry became a central fixture of urban Latino and African-American culture, leading to the purchase of a former tenement building at 236 East 3rd Street, where the Cafe continues to reside. A historical and cultural landmark for nearly 50 years, the Cafe has launched numerous careers and supports a wide range of artistic endeavors such as plays, workshops, training sessions, and more.
=520  \\$aThis video features footage of the opening percussion musical set at the Nuyorican Cafe in the mid-late 1970s. Featuring musicians from the Lower East Side, in the early days of the cafe, Caribbean and Afrodiasporic percussions were part of the opening rituals of the salons. The second part of the footage shows a bilingual workshop offered at the cafe primarily for educators. The participants engage in exercises in which they discuss their feelings about what makes them happiest and also discuss strategies for best resolving conflict and getting their students to explore their own interiorities.
=534  \\$pMedia source original: $a1 EIAJ-1
=540  \\$aThere are copyright restrictions on this collection. For more information, go to the online version of this video.
=542  1\$dLois Elaine Griffith$eLois Elaine Griffith, loisegriffith@gmail.com
=546  \\$aIn Spanish, English.
=650  \0$aPoetry$xPolitical aspects.
=650  \0$aCommunity power.
=650  \0$aSocial justice in art.
=653  \\$aRitual performance
=653  \\$aCollaborative creation
=655  \7$aPerformance poetry$2local
=655  \7$aworkshops (seminars)$2aat
=710  2\$aHemispheric Institute Digital Video Library.
=856  40$uhttp://hdl.handle.net/2333.1/qfttf5cb$3Hemispheric Institute Digital Video Library

