=LDR  00000nam a2200000Ii 45e0
=006  m\\\\\\\\c\\\\\\\\
=007  cr\cna|||m|||a
=007  vz\czazzu
=008  210803s9999||||xx\|||\|\\\\\ s\\\vlund|d
=024  7\$aHI2020_214_01$2local
=040  \\$aZYU$beng$erda$cZYU$epn
=041  0\$aeng|spa
=245  04$aThe Early Days of the Nuyorican Poets Cafe: Part II
=264  \1$cFebruary 7, 1976.
=300  \\$3viewing copy.$a1 online resource (1 video file (2 hr., 35 min., 46 sec.)) :$bsound, color.
=336  \\$atext$btxt$2rdacontent
=337  \\$acomputer$bc$2rdamedia
=337  \\$avideo$bv$2rdamedia
=338  \\$aonline resource$bcr$2rdacarrier
=338  \\$aother$bvz$2rdacarrier
=344  \\$adigital$2rdatr
=347  \\$adata file$2rdaft
=490  0\$aThe Nuyorican Poets Cafe Founders Archive Project collection
=500  \\$aPart of the Hemispheric Institute Digital Video Library.
=500  \\$aTitle supplied by the Hemispheric Institute.
=506  \\$aOpen Access.
=508  \\$aVideographer: Stuart Reid
=518  \\$aNuyorican Poets Cafe, New York, NY, USA
=520  \\$aThe Nuyorican Poets Cafe Founders Archive Project is an effort of several Cafe founders to preserve the immense history of the famed cafe and to cement its importance as a foundational scene of poetry and artistic creation in New York's Lower East Side or Loisaida. Founded in 1973, the Nuyorican Poets Cafe began as a living room salon in the East Village apartment of writer and poet Miguel Algarín, along with other playwrights, poets, and musicians of color whose work was not accepted by the mainstream academic, entertainment or publishing industries. As time passed, the signature style of performance poetry became a central fixture of urban Latino and African-American culture, leading to the purchase of a former tenement building at 236 East 3rd Street, where the Cafe continues to reside. A historical and cultural landmark for nearly 50 years, the Cafe has launched numerous careers and supports a wide range of artistic endeavors such as plays, workshops, training sessions, and more.
=520  \\$aThis footage shows a typical gathering during the early days of the Nuyorican Poets Café. Often beginning and ending with live musical stylings from native Lower East Siders, this footage opens with a musical set by ABC Loisaida (A Band Called Loisaida), before featuring an introduction by Miguel Algarín. Nuyorican founding poet Jorge Brandon follows, then Tisi Garcia. Other poet performers include Miguel or Mikey Scolnick, poet and playwright Carlos Morton, Noel Rico, and Luis Guzmán, who goes ton to become a noted film actor. Each of the performers touches on themes of cultural heritage and pride, critiquing systems of colonialization, and the power of poetry as a tool of revolution. After the poems conclude, the band closes out the gathering with another musical set.
=534  \\$pMedia source original: $a4 EIAJ-1
=540  \\$aThere are copyright restrictions on this collection. For more information, go to the online version of this video.
=542  1\$dLois Elaine Griffith$eLois Elaine Griffith, loisegriffith@gmail.com
=546  \\$aIn English, Spanish.
=650  \0$aPolitical poetry.
=650  \0$aSocial justice in art.
=650  \0$aCommunity power.
=650  \0$aDecolonization.
=653  \\$aCultural heritage
=653  \\$aColonialisms
=655  \7$aPerformance$2local
=655  \7$apoetry$2aat
=655  \7$aLive music.$2local
=710  2\$aHemispheric Institute Digital Video Library.
=856  40$uhttp://hdl.handle.net/2333.1/2v6wwx7r$3Hemispheric Institute Digital Video Library

