=LDR  00000nam a2200000Ii 45e0
=006  m\\\\\\\\c\\\\\\\\
=007  cr\cna|||m|||a
=007  vz\czazzu
=008  210803s9999||||xx\|||\|\\\\\ s\\\vlund|d
=024  7\$aHI2020_215_01$2local
=040  \\$aZYU$beng$erda$cZYU$epn
=041  0\$aspa|eng
=043  \\$a$anwpr---|$anwpr---
=245  00$aEl Coco que habla
=264  \1$c1995.
=300  \\$3viewing copy.$a1 online resource (1 video file (13 min., 53 sec.)) :$bsound, color.
=336  \\$atext$btxt$2rdacontent
=337  \\$acomputer$bc$2rdamedia
=337  \\$avideo$bv$2rdamedia
=338  \\$aonline resource$bcr$2rdacarrier
=338  \\$aother$bvz$2rdacarrier
=344  \\$adigital$2rdatr
=347  \\$adata file$2rdaft
=490  0\$aThe Nuyorican Poets Cafe Founders Archive Project collection
=500  \\$aPart of the Hemispheric Institute Digital Video Library.
=500  \\$aTitle supplied by the Hemispheric Institute.
=506  \\$aOpen Access.
=508  \\$aVideographer, Editor: Tom Poole
=511  0\$aJorge Brandon
=518  \\$aNew York, NY, USA
=520  \\$aEl Coco que habla (The Talking Coconut) is an intimate look at the last moments in the life of poet Jorge Brandon (1902-1995). Often referred to as the "Father of Nuyorican Poetry," Brandon describes his contributions to Nuyorican poetry and literature, performing his signature blend of the oral décima poetic form with his musings on the issues affecting Puerto Rican's in New York City's Lower East Side neighborhood. This video includes footage of Brandon's funeral, where he is eulogized and paid homage by numerous poets from the Nuyorican scene, all of whom speak to Brandon's enduring legacy and immense contributions to the field of Nuyorican poetry.
=520  \\$aThe Nuyorican Poets Cafe Founders Archive Project is an effort of several Cafe founders to preserve the immense history of the famed cafe and to cement its importance as a foundational scene of poetry and artistic creation in New York's Lower East Side or Loisaida. Founded in 1973, the Nuyorican Poets Cafe began as a living room salon in the East Village apartment of writer and poet Miguel Algarín, along with other playwrights, poets, and musicians of color whose work was not accepted by the mainstream academic, entertainment or publishing industries. As time passed, the signature style of performance poetry became a central fixture of urban Latino and African-American culture, leading to the purchase of a former tenement building at 236 East 3rd Street, where the Cafe continues to reside. A historical and cultural landmark for nearly 50 years, the Cafe has launched numerous careers and supports a wide range of artistic endeavors such as plays, workshops, training sessions, and more.
=534  \\$pMedia source original: $a1 videocassette Betamax 1/2 inches (OUTSOURCE CONVERSION)
=540  \\$aThere are copyright restrictions on this collection. For more information, go to the online version of this video.
=542  1\$dLois Elaine Griffith$eLois Elaine Griffith, loisegriffith@gmail.com
=546  \\$aIn Spanish, English.
=650  \0$aPoetry$xPolitical aspects.
=650  \0$aPolitical poetry.
=650  \0$aPuerto Rican literature$y20th century.
=650  \0$aEthnicity$zPuerto Rico.
=650  \0$aArts$xExperimental methods$zPuerto Rico.
=650  \0$aSpoken word poetry.
=655  \7$aTribute.$2local
=710  2\$aHemispheric Institute Digital Video Library.
=856  40$uhttp://hdl.handle.net/2333.1/8931zk25$3Hemispheric Institute Digital Video Library

