=LDR  00000nam a2200000Ii 45e0
=006  m\\\\\\\\c\\\\\\\\
=007  cr\cna|||m|||a
=007  vz\czazzu
=008  210803s9999||||xx\|||\|\\\\\ s\\\vlund|d
=024  7\$aHI2020_216_01$2local
=040  \\$aZYU$beng$erda$cZYU$epn
=041  0\$aspa|eng
=245  00$aKaren Jaime: Disjointed Conversations
=264  \1$c[March 19, 2003]
=300  \\$3viewing copy.$a1 online resource (1 video file (29 min., 13 sec.)) :$bsound, color.
=336  \\$atext$btxt$2rdacontent
=337  \\$acomputer$bc$2rdamedia
=337  \\$avideo$bv$2rdamedia
=338  \\$aonline resource$bcr$2rdacarrier
=338  \\$aother$bvz$2rdacarrier
=344  \\$adigital$2rdatr
=347  \\$adata file$2rdaft
=490  0\$aThe Nuyorican Poets Cafe Founders Archive Project collection
=500  \\$aPart of the Hemispheric Institute Digital Video Library.
=500  \\$aTitle supplied by the Hemispheric Institute.
=506  \\$aOpen Access.
=508  \\$aMusician: Maryam Parwana. Dancer: Melissa Lopez-Jones. Performer: Karen Jaime. Director: Gloria Feliciano.
=511  0\$aKaren Jaime
=518  \\$aNuyorican Poets Cafe, New York, NY, USA
=520  \\$aIn Disjointed Conversations (2003), then-Friday Night Slam host Karen Jaime explores themes of cultural heritage, belonging, and the societal and institutional structures that have so often defined the lives of marginalized people. The performance opens with a percussionist playing tabala drums, followed by Jaime, who sweeps the stage. As the performance unfolds, the theme of contradictions become apparent: Jaime's message about racism against and within Latinx populations, gendered and domestic labor carried out by a gender non-conforming body, issues of acceptance and desire, and more. Written in the years directly following the September 11th attacks, Jaime also explores the pervasive culture of fear, xenophobia, and blind patriotism, particularly in New York City. This work in progress showing took place the evening before President George W. Bush announced the War on Iraq.
=520  \\$aThe Nuyorican Poets Cafe Founders Archive Project is an effort of several Cafe founders to preserve the immense history of the famed cafe and to cement its importance as a foundational scene of poetry and artistic creation in New York's Lower East Side or Loisaida. Founded in 1973, the Nuyorican Poets Cafe began as a living room salon in the East Village apartment of writer and poet Miguel Algarín, along with other playwrights, poets, and musicians of color whose work was not accepted by the mainstream academic, entertainment or publishing industries. As time passed, the signature style of performance poetry became a central fixture of urban Latino and African-American culture, leading to the purchase of a former tenement building at 236 East 3rd Street, where the Cafe continues to reside. A historical and cultural landmark for nearly 50 years, the Cafe has launched numerous careers and supports a wide range of artistic endeavors such as plays, workshops, training sessions, and more.
=534  \\$pMedia source original: $a1 videocassette Mini DV 1/4 inches Standard Play (SP)
=540  \\$aThere are copyright restrictions on this collection. For more information, go to the online version of this video.
=542  1\$dLois Elaine Griffith$eLois Elaine Griffith, loisegriffith@gmail.com
=546  \\$aIn Spanish, English.
=650  \0$aGender expression.
=650  \0$aDesire.
=653  \\$aCultural heritage
=653  \\$aCultural criticism.
=655  \7$aSolo performance$2local
=710  2\$aHemispheric Institute Digital Video Library.
=856  40$uhttp://hdl.handle.net/2333.1/sf7m0kt6$3Hemispheric Institute Digital Video Library

