=LDR  00000nam a2200000Ii 45e0
=006  m\\\\\\\\c\\\\\\\\
=007  cr\cna|||m|||a
=007  vz\czazzu
=008  210803s9999||||xx\|||\|\\\\\ s\\\vlund|d
=024  7\$aHI2020_218_01$2local
=040  \\$aZYU$beng$erda$cZYU$epn
=041  0\$aeng
=245  00$aFelice Belle Finale
=264  \1$c[December 28, 2002]
=300  \\$3viewing copy.$a1 online resource (1 video file (2 hr., 32 min., 13 sec.)) :$bsound, color.
=336  \\$atext$btxt$2rdacontent
=337  \\$acomputer$bc$2rdamedia
=337  \\$avideo$bv$2rdamedia
=338  \\$aonline resource$bcr$2rdacarrier
=338  \\$aother$bvz$2rdacarrier
=344  \\$adigital$2rdatr
=347  \\$adata file$2rdaft
=490  0\$aThe Nuyorican Poets Cafe Founders Archive Project collection
=500  \\$aPart of the Hemispheric Institute Digital Video Library.
=500  \\$aTitle supplied by the Hemispheric Institute.
=506  \\$aOpen Access.
=511  0\$aTish Benson, Jen Murphy, Kirk Nugent, Celena Glenn, Roger Bonair-Agard, Kristin O'Keefe Askowitz, Kahlil Al-Moustafa, Mayda del Valle, Bryonn Bain, Clare Ultimo, Staceyann Chin, Steve Colman, Kayo, Shappy, Guy LeCharles Gonzalez, Regie Cabico, Nathan P, Yolanda Wilkinson, Peter of the Earth, and Felice Belle
=518  \\$aNuyorican Poets Cafe, New York, NY, USA
=520  \\$aPoet Felice Belle curates a night of poetry to mark the end of her tenure as host of the Friday Night Slam at the Nuyorican Poets Café from 2001-2003. The video features performances from Tish Benson, Jen Murphy, Kirk Nugent, Celena Glenn, Roger Bonair-Agard, Kristin O'Keefe Askowitz, Kahlil Al-Moustafa, Mayda del Valle, Bryonn Bain, Clare Ultimo, Staceyann Chin, Steve Colman, Kayo, Shappy, Guy LeCharles Gonzalez, Regie Cabico, Nathan P, Yolanda Wilkinson, Peter of the Earth, and Felice Belle herself. Each poet shares personal remembrances of their interactions with Felice and speak to her role as host of the slam. Belle performs one of her own poems to close the evening's festivities, before naming Karen Jaime as her successor. Jaime goes on to serve as host of the Friday Night Slam from 2003-2005.
=520  \\$aThe Nuyorican Poets Cafe Founders Archive Project is an effort of several Cafe founders to preserve the immense history of the famed cafe and to cement its importance as a foundational scene of poetry and artistic creation in New York's Lower East Side or Loisaida. Founded in 1973, the Nuyorican Poets Cafe began as a living room salon in the East Village apartment of writer and poet Miguel Algarín, along with other playwrights, poets, and musicians of color whose work was not accepted by the mainstream academic, entertainment or publishing industries. As time passed, the signature style of performance poetry became a central fixture of urban Latino and African-American culture, leading to the purchase of a former tenement building at 236 East 3rd Street, where the Cafe continues to reside. A historical and cultural landmark for nearly 50 years, the Cafe has launched numerous careers and supports a wide range of artistic endeavors such as plays, workshops, training sessions, and more.
=534  \\$pMedia source original: $a2 videocassette VHS 1/2 inches Standard Play (SP)
=540  \\$aThere are copyright restrictions on this collection. For more information, go to the online version of this video.
=542  1\$dLois Elaine Griffith$eLois Elaine Griffith, loisegriffith@gmail.com
=546  \\$aIn English.
=650  \0$aCollective memory.
=650  \0$aSocial justice in art.
=650  \0$aCommunity power.
=650  \0$aPolitical poetry.
=650  \0$aSpoken word poetry.
=655  \7$aSpoken word poetry.$2lcgft
=655  \7$aTribute.$2local
=710  2\$aHemispheric Institute Digital Video Library.
=856  40$uhttp://hdl.handle.net/2333.1/zs7h4bzv$3Hemispheric Institute Digital Video Library

