=LDR  00000nam a2200000Ii 45e0
=006  m\\\\\\\\c\\\\\\\\
=007  cr\cna|||m|||a
=007  vz\czazzu
=008  210803s9999||||xx\|||\|\\\\\ s\\\vlund|d
=024  7\$aHI2020_221_01$2local
=040  \\$aZYU$beng$erda$cZYU$epn
=041  0\$aeng
=245  00$aDead Poets Slam
=300  \\$3viewing copy.$a1 online resource (1 video file (2 hr., 01 min., 13 sec.)) :$bsound, color.
=336  \\$atext$btxt$2rdacontent
=337  \\$acomputer$bc$2rdamedia
=337  \\$avideo$bv$2rdamedia
=338  \\$aonline resource$bcr$2rdacarrier
=338  \\$aother$bvz$2rdacarrier
=344  \\$adigital$2rdatr
=347  \\$adata file$2rdaft
=490  0\$aThe Nuyorican Poets Cafe Founders Archive Project collection
=500  \\$aPart of the Hemispheric Institute Digital Video Library.
=500  \\$aTitle supplied by the Hemispheric Institute.
=506  \\$aOpen Access.
=511  0\$aAya de Leon, Kalayla, and Yolanda Wilkinson, Nathan P, The People's Poetry Gathering (Farrow, Juan Martínez, Dan Perry, Mara Kahn, and Jonathan Reed), Thomas Lynch, and DuEwa Frazier
=518  \\$aNuyorican Poets Cafe, New York, NY, USA
=520  \\$aThe Nuyorican Poets Cafe Founders Archive Project is an effort of several Cafe founders to preserve the immense history of the famed cafe and to cement its importance as a foundational scene of poetry and artistic creation in New York's Lower East Side or Loisaida. Founded in 1973, the Nuyorican Poets Cafe began as a living room salon in the East Village apartment of writer and poet Miguel Algarín, along with other playwrights, poets, and musicians of color whose work was not accepted by the mainstream academic, entertainment or publishing industries. As time passed, the signature style of performance poetry became a central fixture of urban Latino and African-American culture, leading to the purchase of a former tenement building at 236 East 3rd Street, where the Cafe continues to reside. A historical and cultural landmark for nearly 50 years, the Cafe has launched numerous careers and supports a wide range of artistic endeavors such as plays, workshops, training sessions, and more.
=520  \\$aThis "Dead Poets Slam" footage features a themed night of poetry slam at the Cafe. In this comptetion between the Nuyorican poets and the People's Poetry Gathering, each team must perform the poem of a dead poet whom they have selected. Each team's members recite a poem from a dead poets in the two rounds of the slam as the judges decide who best honored their chosen poets. The People's Poetry Gathering featured team members Farrow, Juan Martínez, Dan Perry, Mara Kahn, and Jonathan Reed. The Nuyorican team featured Aya de Leon, Kalayla, and Yolanda Wilkinson. The event was hosted by Nathan P. and also featured guest performances by Thomas Lynch and DuEwa Frazier.
=534  \\$pMedia source original: $a2 videocassette Mini DV 1/4 inches Standard Play (SP)
=540  \\$aThere are copyright restrictions on this collection. For more information, go to the online version of this video.
=542  1\$dLois Elaine Griffith$eLois Elaine Griffith, loisegriffith@gmail.com
=546  \\$aIn English.
=650  \0$aCollective memory.
=650  \0$aPoetry slams.
=650  \0$aSpoken word poetry.
=650  \0$aInfluence (Literary, artistic, etc.)
=655  \7$aSpoken word poetry.$2lcgft
=710  2\$aHemispheric Institute Digital Video Library.
=856  40$uhttp://hdl.handle.net/2333.1/7pvmd528$3Hemispheric Institute Digital Video Library

