=LDR  00000nam a2200000Ii 45e0
=006  m\\\\\\\\c\\\\\\\\
=007  cr\cna|||m|||a
=007  vz\czazzu
=008  210803s9999||||xx\|||\|\\\\\ s\\\vlund|d
=024  7\$aHI2020_222_01$2local
=040  \\$aZYU$beng$erda$cZYU$epn
=041  0\$aeng
=245  00$aVerbs on Asphalt Launch
=264  \1$c2000.
=300  \\$3viewing copy.$a1 online resource (1 video file (36 min., 33 sec.)) :$bsound, color.
=336  \\$atext$btxt$2rdacontent
=337  \\$acomputer$bc$2rdamedia
=337  \\$avideo$bv$2rdamedia
=338  \\$aonline resource$bcr$2rdacarrier
=338  \\$aother$bvz$2rdacarrier
=344  \\$adigital$2rdatr
=347  \\$adata file$2rdaft
=490  0\$aThe Nuyorican Poets Cafe Founders Archive Project collection
=500  \\$aPart of the Hemispheric Institute Digital Video Library.
=500  \\$aTitle supplied by the Hemispheric Institute.
=506  \\$aOpen Access.
=511  0\$aClare Ultimo, Miguel Algarín, Lois Elaine Griffith, Keith Roach, Bob Holman, Regie Cabico
=518  \\$aNuyorican Poets Cafe, New York, NY, USA
=520  \\$aThe Nuyorican Poets Cafe Founders Archive Project is an effort of several Cafe founders to preserve the immense history of the famed cafe and to cement its importance as a foundational scene of poetry and artistic creation in New York's Lower East Side or Loisaida. Founded in 1973, the Nuyorican Poets Cafe began as a living room salon in the East Village apartment of writer and poet Miguel Algarín, along with other playwrights, poets, and musicians of color whose work was not accepted by the mainstream academic, entertainment or publishing industries. As time passed, the signature style of performance poetry became a central fixture of urban Latino and African-American culture, leading to the purchase of a former tenement building at 236 East 3rd Street, where the Cafe continues to reside. A historical and cultural landmark for nearly 50 years, the Cafe has launched numerous careers and supports a wide range of artistic endeavors such as plays, workshops, training sessions, and more.
=520  \\$aThis is footage of the launch of Verbs on Asphalt, a digital compendium dedicated to the beginning of the poetry slam in New York City. Created by longtime Nuyorican member Clare Ultimo, Verbs on Asphalt featured interviews, photos, videos, and other documentation of various performers, founders, and prominent figures at the Nuyorican Poets Cafe. This launch event featured words and presentations by Clare Ultimo, Miguel Algarín, Lois Elaine Griffith, Keith Roach, and Bob Holman, as well as a performance by Regie Cabico.
=534  \\$pMedia source original: $a1 videocassette Mini DV 1/4 inches Standard Play (SP)
=540  \\$aThere are copyright restrictions on this collection. For more information, go to the online version of this video.
=542  1\$dLois Elaine Griffith$eLois Elaine Griffith, loisegriffith@gmail.com
=546  \\$aIn English.
=650  \0$aCollective memory.
=650  \0$aPolitical poetry.
=650  \0$aInfluence (Literary, artistic, etc.)
=650  \0$aSpoken word poetry.
=655  \7$aCultural publications.$2local
=710  2\$aHemispheric Institute Digital Video Library.
=856  40$uhttp://hdl.handle.net/2333.1/3xsj44jx$3Hemispheric Institute Digital Video Library

