=LDR  00000nam a2200000Ii 45e0
=006  m\\\\\\\\c\\\\\\\\
=007  cr\cna|||m|||a
=007  vz\czazzu
=008  210803s9999||||xx\|||\|\\\\\ s\\\vlund|d
=024  7\$aHI2020_223_01$2local
=040  \\$aZYU$beng$erda$cZYU$epn
=041  0\$aeng
=245  00$a1996 Grand Slam
=264  \1$c1996.
=300  \\$3viewing copy.$a1 online resource (1 video file (1 hr., 05 min., 10 sec.)) :$bsound, color.
=336  \\$atext$btxt$2rdacontent
=337  \\$acomputer$bc$2rdamedia
=337  \\$avideo$bv$2rdamedia
=338  \\$aonline resource$bcr$2rdacarrier
=338  \\$aother$bvz$2rdacarrier
=344  \\$adigital$2rdatr
=347  \\$adata file$2rdaft
=490  0\$aThe Nuyorican Poets Cafe Founders Archive Project collection
=500  \\$aPart of the Hemispheric Institute Digital Video Library.
=500  \\$aTitle supplied by the Hemispheric Institute.
=506  \\$aOpen Access.
=511  0\$aSaul Williams, Jessica Care Moore, MuMs the Schemer, Beau Sia, Carmen Renée, Ay Tac, Jamal St. John, and Bob Holman
=518  \\$aNuyorican Poets Cafe, New York, NY, USA
=520  \\$aThe 1996 Grand Slam featured one of the more storied group of contestants in a single year of the poetry slam. Competing for the title of Grand Slam Champion are Saul Williams, MuMs the Schemer, Jamal St. John, Beeau Sia, Jessica Care Moore, Ay Tac, and Carmen Renée. Each artist comes to the stage with their best poems to vie for the coveted Grand Slam Champion title. Not featured in this excerpt is artist Saul Williams winning the Grand Slam title, and becoming one of only seven poets to claim that victory. Saul Williams, Jessica Care Moore, Beau Sia, and MuMs the Schemere were all members of the 1996 Slam team and are featured in filmmaker Paul Devlin's documentary SlamNation (1998). The Slam is hosted by Bob Holman who first introduced the poetry slam to the Nuyorican Poets Cafe in 1988 and who hosted the slam from 1988-1996. Holman went on to found the Bowery Poetry Club.
=520  \\$aThe Nuyorican Poets Cafe Founders Archive Project is an effort of several Cafe founders to preserve the immense history of the famed cafe and to cement its importance as a foundational scene of poetry and artistic creation in New York's Lower East Side or Loisaida. Founded in 1973, the Nuyorican Poets Cafe began as a living room salon in the East Village apartment of writer and poet Miguel Algarín, along with other playwrights, poets, and musicians of color whose work was not accepted by the mainstream academic, entertainment or publishing industries. As time passed, the signature style of performance poetry became a central fixture of urban Latino and African-American culture, leading to the purchase of a former tenement building at 236 East 3rd Street, where the Cafe continues to reside. A historical and cultural landmark for nearly 50 years, the Cafe has launched numerous careers and supports a wide range of artistic endeavors such as plays, workshops, training sessions, and more.
=534  \\$pMedia source original: $a1 Hi8
=540  \\$aThere are copyright restrictions on this collection. For more information, go to the online version of this video.
=542  1\$dLois Elaine Griffith$eLois Elaine Griffith, loisegriffith@gmail.com
=546  \\$aIn English.
=650  \0$aPolitical poetry.
=650  \0$aCommunity power.
=650  \0$aSpoken word poetry.
=650  \0$aSocial justice in art.
=653  \\$aEmpowerment
=655  \7$aSpoken word poetry.$2lcgft
=655  \7$apoetry$2aat
=710  2\$aHemispheric Institute Digital Video Library.
=856  40$uhttp://hdl.handle.net/2333.1/08kps1p2$3Hemispheric Institute Digital Video Library

