=LDR  00000nam a2200000Ii 45e0
=006  m\\\\\\\\c\\\\\\\\
=007  cr\cna|||m|||a
=007  vz\czazzu
=008  210803s9999||||xx\|||\|\\\\\ s\\\vlund|d
=024  7\$aHI2020_224_01$2local
=040  \\$aZYU$beng$erda$cZYU$epn
=041  0\$aeng
=245  00$a1999 Grand Slam (Version 1)
=264  \1$c1999.
=300  \\$3viewing copy.$a1 online resource (1 video file (1 hr., 00 min., 58 sec.)) :$bsound, color.
=336  \\$atext$btxt$2rdacontent
=337  \\$acomputer$bc$2rdamedia
=337  \\$avideo$bv$2rdamedia
=338  \\$aonline resource$bcr$2rdacarrier
=338  \\$aother$bvz$2rdacarrier
=344  \\$adigital$2rdatr
=347  \\$adata file$2rdaft
=490  0\$aThe Nuyorican Poets Cafe Founders Archive Project collection
=500  \\$aPart of the Hemispheric Institute Digital Video Library.
=500  \\$aTitle supplied by the Hemispheric Institute.
=506  \\$aOpen Access.
=508  \\$aVideographer: Tom Poole
=511  0\$aKayo, Keith Roach, Staceyann Chin, Talalm Acey, Kirk Nugent, and Felice Belle
=518  \\$aNuyorican Poets Cafe, New York, NY, USA
=520  \\$aIn this footage from the 1999 Grand Slam, the best of the year's poets take the stage to compete for the coveted title. The 1999 contestants are Staceyann Chin, Talalm Acey, Felice Belle, and Kirk Nugent. Opening with a guest performance by 1998 Grand Slam Champion Kayo, the competition then begins with riveting poems by Staceyann Chin, Talalm Acey, and Felice Belle. Not featured in this excerpt is footage of the other poets' performances, nor of Kirk Nugent ultimately winning the grand prize and being crowned 1999 Grand Slam Champion of the Nuyorican Poets Cafe. The slam is hosted by Keith Roach, who serves as the Friday night host from 1997-2001.
=520  \\$aThe Nuyorican Poets Cafe Founders Archive Project is an effort of several Cafe founders to preserve the immense history of the famed cafe and to cement its importance as a foundational scene of poetry and artistic creation in New York's Lower East Side or Loisaida. Founded in 1973, the Nuyorican Poets Cafe began as a living room salon in the East Village apartment of writer and poet Miguel Algarín, along with other playwrights, poets, and musicians of color whose work was not accepted by the mainstream academic, entertainment or publishing industries. As time passed, the signature style of performance poetry became a central fixture of urban Latino and African-American culture, leading to the purchase of a former tenement building at 236 East 3rd Street, where the Cafe continues to reside. A historical and cultural landmark for nearly 50 years, the Cafe has launched numerous careers and supports a wide range of artistic endeavors such as plays, workshops, training sessions, and more.
=534  \\$pMedia source original: $a1 Hi8
=540  \\$aThere are copyright restrictions on this collection. For more information, go to the online version of this video.
=542  1\$dLois Elaine Griffith$eLois Elaine Griffith, loisegriffith@gmail.com
=546  \\$aIn English.
=650  \0$aSocial justice in art.
=650  \0$aSocial movements.
=650  \0$aPolitical poetry.
=650  \0$aSpoken word poetry.
=650  \0$aPoetry slams.
=653  \\$aEmpowerment
=655  \7$aSpoken word poetry.$2lcgft
=655  \7$aPerformance$2local
=710  2\$aHemispheric Institute Digital Video Library.
=856  40$uhttp://hdl.handle.net/2333.1/vhhmh1cc$3Hemispheric Institute Digital Video Library

