=LDR  00000nam a2200000Ii 45e0
=006  m\\\\\\\\c\\\\\\\\
=007  cr\cna|||m|||a
=007  vz\czazzu
=008  210803s9999||||xx\|||\|\\\\\ s\\\vlund|d
=024  7\$aHI2020_241_01$2local
=040  \\$aZYU$beng$erda$cZYU$epn
=041  0\$aeng|spa
=245  00$aJesús Papoleto Meléndez
=264  \1$cJanuary 16, 2019.
=300  \\$3viewing copy.$a1 online resource (1 video file (1 hr., 27 min., 10 sec.)) :$bsound, color.
=336  \\$atext$btxt$2rdacontent
=337  \\$acomputer$bc$2rdamedia
=337  \\$avideo$bv$2rdamedia
=338  \\$aonline resource$bcr$2rdacarrier
=338  \\$aother$bvz$2rdacarrier
=344  \\$adigital$2rdatr
=347  \\$adata file$2rdaft
=490  0\$aThe Nuyorican Poets Cafe Founders Archive Project collection
=500  \\$aPart of the Hemispheric Institute Digital Video Library.
=500  \\$aTitle supplied by the Hemispheric Institute.
=506  \\$aOpen Access.
=508  \\$aVideographer: Victor Bautista
=511  0\$aJesús Papoleto Meléndez, Jehan Roberson
=518  \\$aNew York, NY, USA
=520  \\$aOne of the founding poets of the Nuyorican poetry movement, Jesús Papoleto Meléndez recalls the early days of the poetry scene in Loisaida and how he came to be involved in the founding of the moment. Meléndez speaks to his own trajectory as an artist, as well as to the collective spirit that led to the Cafe's founding. Meléndez also pays tribute to the many friends and family members he and his compatriots have lost over time, undergirding the importance of cementing the Nuyorican Poets Cafe and the larger Nuyorican movement in history.
=520  \\$aThe Nuyorican Poets Cafe Founders Archive Project is an effort of several Cafe founders to preserve the immense history of the famed cafe and to cement its importance as a foundational scene of poetry and artistic creation in New York's Lower East Side or Loisaida. Founded in 1973, the Nuyorican Poets Cafe began as a living room salon in the East Village apartment of writer and poet Miguel Algarín, along with other playwrights, poets, and musicians of color whose work was not accepted by the mainstream academic, entertainment or publishing industries. As time passed, the signature style of performance poetry became a central fixture of urban Latino and African-American culture, leading to the purchase of a former tenement building at 236 East 3rd Street, where the Cafe continues to reside. A historical and cultural landmark for nearly 50 years, the Cafe has launched numerous careers and supports a wide range of artistic endeavors such as plays, workshops, training sessions, and more.
=534  \\$pMedia source original: $a1 digital file
=540  \\$aThere are copyright restrictions on this collection. For more information, go to the online version of this video.
=542  1\$dHemispheric Institute of Performance and Politics$e20 Cooper Square, Fifth Floor, New York, NY 10003, U.S.A., +1-212-998-1631, +1-212-995-4423, hemi@nyu.edu, http://www.hemisphericinstitute.org
=546  \\$aIn English, Spanish.
=650  \0$aSpoken word poetry.
=650  \0$aPolitical poetry.
=650  \0$aPuerto Rican literature$y20th century.
=650  \0$aInfluence (Literary, artistic, etc.)
=653  \\$aEmpowerment
=655  \7$ainterviews$2aat
=710  2\$aHemispheric Institute Digital Video Library.
=856  40$uhttp://hdl.handle.net/2333.1/70rxwpxc$3Hemispheric Institute Digital Video Library

