=LDR  00000nam a2200000Ii 45e0
=006  m\\\\\\\\c\\\\\\\\
=007  cr\cna|||m|||a
=007  vz\czazzu
=008  210803s9999||||xx\|||\|\\\\\ s\\\vlund|d
=024  7\$aHI2020_242_01$2local
=040  \\$aZYU$beng$erda$cZYU$epn
=041  0\$aeng|spa
=245  00$aMiguel Algarín Tribute
=264  \1$c[March 23, 2019]
=300  \\$3viewing copy.$a1 online resource (1 video file (1 hr., 17 min., 02 sec.)) :$bsound, color.
=336  \\$atext$btxt$2rdacontent
=337  \\$acomputer$bc$2rdamedia
=337  \\$avideo$bv$2rdamedia
=338  \\$aonline resource$bcr$2rdacarrier
=338  \\$aother$bvz$2rdacarrier
=344  \\$adigital$2rdatr
=347  \\$adata file$2rdaft
=490  0\$aThe Nuyorican Poets Cafe Founders Archive Project collection
=500  \\$aPart of the Hemispheric Institute Digital Video Library.
=500  \\$aTitle supplied by the Hemispheric Institute.
=506  \\$aOpen Access.
=508  \\$aVideographer: Victor Bautista; Tribute Committee: Carlos Díaz, Lois Elaine Griffith, Luis Cordero, Jesús Papoleto Meléndez, and Ricardo Muñiz
=511  0\$aMiguel Algarín, Bob Holman, Caridad de la Luz, Nancy Mercado, Carlos Manuel Rivera, Danny Shot, Eliot Katz, Jesus Papoleto Meléndez, Myrna Nieves
=518  \\$aNew York, NY, USA
=520  \\$aThe Nuyorican Poets Cafe Founders Archive Project is an effort of several Cafe founders to preserve the immense history of the famed cafe and to cement its importance as a foundational scene of poetry and artistic creation in New York's Lower East Side or Loisaida. Founded in 1973, the Nuyorican Poets Cafe began as a living room salon in the East Village apartment of writer and poet Miguel Algarín, along with other playwrights, poets, and musicians of color whose work was not accepted by the mainstream academic, entertainment or publishing industries. As time passed, the signature style of performance poetry became a central fixture of urban Latino and African-American culture, leading to the purchase of a former tenement building at 236 East 3rd Street, where the Cafe continues to reside. A historical and cultural landmark for nearly 50 years, the Cafe has launched numerous careers and supports a wide range of artistic endeavors such as plays, workshops, training sessions, and more.
=520  \\$aThis tribute to Nuyorican Poets Cafe founder Miguel Algarín was organized to celebrate the enduring legacy of Algarín as both a poet and an educator. Featuring performances, remembrances, readings, and more, each person who takes the stage speaks to Algarín's impact on their lives and their development as artists. While a professor at Rutgers University, Algarín founded the Nuyorican Poets Cafe in his Loisaida living room in 1973, eventually moving to a location on 6th Street shortly after. In the nearly 50 years since, Algarín has gone on to publish more than 10 books of poetry and he has also been the recipient of numerous awards and honors.
=534  \\$pMedia source original: $a1 digital file
=540  \\$aThere are copyright restrictions on this collection. For more information, go to the online version of this video.
=542  1\$dHemispheric Institute of Performance and Politics$e20 Cooper Square, Fifth Floor, New York, NY 10003, U.S.A., +1-212-998-1631, +1-212-995-4423, hemi@nyu.edu, http://www.hemisphericinstitute.org
=546  \\$aIn English, Spanish.
=650  \0$aPolitical poetry.
=650  \0$aPuerto Rican literature$y20th century.
=650  \0$aInfluence (Literary, artistic, etc.)
=650  \0$aSpoken word poetry.
=650  \0$aPerformance poetry.
=655  \7$aTribute.$2local
=655  \7$aPerformance$2local
=655  \7$aSpoken word poetry.$2lcgft
=710  2\$aHemispheric Institute Digital Video Library.
=856  40$uhttp://hdl.handle.net/2333.1/3bk3jm5n$3Hemispheric Institute Digital Video Library

